@article{takabi2010security,
    title={Security and privacy challenges in cloud computing environments},
    author={Takabi, Hassan and Joshi, James BD and Ahn, Gail-Joon},
    journal={Security \& Privacy, IEEE},
    volume={8},
    number={6},
    pages={24--31},
    year={2010},
    publisher={IEEE}
}
