@article{directive199595,
  title={95/46/EC of the European Parliament and of the Council of 24 October 1995 on the protection of individuals with regard to the processing of personal data and on the free movement of such data},
  author={Directive, EU},
  journal={Official Journal of the EC},
  volume={23},
  pages={6},
  year={1995}
},

@misc{congress1998digital,
  title={Digital Millennium Copyright Act},
  author={Congress, US},
  journal={Public Law},
  number={105-304},
  pages={112},
  year={1998}
},

@article{garlinger2009privacy,
  title={Privacy, Free Speech, and the Patriot Act: First and Fourth Amendment Limits on National Security Letters},
  author={Garlinger, Patrick P},
  journal={NYUL Rev.},
  volume={84},
  pages={1105},
  year={2009},
  publisher={HeinOnline}
},

@article{gorham2008national,
  title={National Security Letters, the USA PATRIOT Act, and the Constitution: The tensions between national security and civil rights},
  author={Gorham-Oscilowski, Ursula and Jaeger, Paul T},
  journal={Government Information Quarterly},
  volume={25},
  number={4},
  pages={625--644},
  year={2008},
  publisher={Elsevier}
},

@article{meer2009clobbering,
  title={Clobbering the cloud},
  author={Meer, H and Arvanitis, N and Slaviero, M},
  journal={Black Hat USA},
  year={2009}
},

@article{thompson1984reflections,
  title={Reflections on trusting trust},
  author={Thompson, Ken},
  journal={Communications of the ACM},
  volume={27},
  number={8},
  pages={761--763},
  year={1984},
  publisher={ACM}
},

@article{rutkowska2008bluepilling,
  title={Bluepilling the xen hypervisor},
  author={Rutkowska, Joanna and Tereshkin, Alexander},
  journal={Black Hat USA},
  year={2008}
},

@incollection{duflot2010limits,
  title={On the Limits of Hypervisor-and Virtual Machine Monitor-Based Isolation},
  author={Duflot, Loic and Grumelard, Olivier and Levillain, Olivier and Morin, Benjamin},
  booktitle={Towards Hardware-Intrinsic Security},
  pages={349--366},
  year={2010},
  publisher={Springer}
},

@inproceedings{sparks2009chipset,
  title={A chipset level network backdoor: bypassing host-based firewall \& IDS},
  author={Sparks, Sherri and Embleton, Shawn and Zou, Cliff C},
  booktitle={Proceedings of the 4th International Symposium on Information, Computer, and Communications Security},
  pages={125--134},
  year={2009},
  organization={ACM}
},

@article{harrower2009searching,
  title={Searching encrypted data},
  author={Harrower, William},
  journal={Department of Computing, Imperial College London, Tech. Rep},
  year={2009}
},

@inproceedings{li2010fuzzy,
  title={Fuzzy keyword search over encrypted data in cloud computing},
  author={Li, Jin and Wang, Qian and Wang, Cong and Cao, Ning and Ren, Kui and Lou, Wenjing},
  booktitle={INFOCOM, 2010 Proceedings IEEE},
  pages={1--5},
  year={2010},
  organization={IEEE}
},

@incollection{kamara2010cryptographic,
  title={Cryptographic cloud storage},
  author={Kamara, Seny and Lauter, Kristin},
  booktitle={Financial Cryptography and Data Security},
  pages={136--149},
  year={2010},
  publisher={Springer}
},

@inproceedings{chow2009controlling,
  title={Controlling data in the cloud: outsourcing computation without outsourcing control},
  author={Chow, Richard and Golle, Philippe and Jakobsson, Markus and Shi, Elaine and Staddon, Jessica and Masuoka, Ryusuke and Molina, Jesus},
  booktitle={Proceedings of the 2009 ACM workshop on Cloud computing security},
  pages={85--90},
  year={2009},
  organization={ACM}
}

@inproceedings{van2010impossibility,
  title={On the impossibility of cryptography alone for privacy-preserving cloud computing},
  author={Van Dijk, Marten and Juels, Ari},
  booktitle={Proceedings of the 5th USENIX conference on Hot topics in security},
  pages={1--8},
  year={2010},
  organization={USENIX Association}
},

@book{mailman2002uniting,
  title={Uniting and Strengthening America by Providing Appropriate Tools Required to Intercept and Obstruct Terrorism (USA PATRIOT ACT) Act of 2001: An Analysis},
  author={Mailman, Stanley},
  year={2002},
  publisher={LexisNexis}
}

@inproceedings{goldwasser2013reusable,
  title={Reusable garbled circuits and succinct functional encryption.},
  author={Goldwasser, Shafi and Kalai, Yael Tauman and Popa, Raluca A and
	  Vaikuntanathan, Vinod and Zeldovich, Nickolai},
  booktitle={STOC},
  pages={555--564},
  year={2013}
},

@article{borgmann2012security,
  title={On the Security of Cloud Storage Services},
  author={Borgmann, Moritz and Hahn, Tobias and Herfert, Michael and Kunz, Thomas and Richter, Marcel and Viebeg, Ursula and Vow{\'e}, Sven},
  journal={Fraunhofer Institute for Secure Information Technology-SIT, Tech. Rep. SIT-TR-001},
  year={2012}
},

@misc{ciphercloud,
  author = {{Cryptography StackExchange Community}},
  title = {{database - How is ciphercloud doing homomorphic encryption?}},
  year = {2013},
  howpublished={\url{http://crypto.stackexchange.com/questions/3645/how-is-ciphercloud-doing-homomorphic-encryption/}},
  note="Discussion thread on Ciphercloud's encryption scheme, which was subject to a (partially reverted) DMCA takedown"
},

@misc{3d_gun,
  author = {Smith, Edward},
  title = {{Kim Dotcom Pulls 3D Printed Gun Plans from MEGA}},
  year = {2013},
  howpublished={\url{http://www.ibtimes.co.uk/articles/467168/20130513/mega-3d-printed-gun-kim-dotcom-blueprints.htm}},
},

@inproceedings{boneh2004public,
  title={Public key encryption with keyword search},
  author={Boneh, Dan and Di Crescenzo, Giovanni and Ostrovsky, Rafail and Persiano, Giuseppe},
  booktitle={Advances in Cryptology-Eurocrypt 2004},
  pages={506--522},
  year={2004},
  organization={Springer}
}

@incollection{boneh2007public,
  title={Public key encryption that allows PIR queries},
  author={Boneh, Dan and Kushilevitz, Eyal and Ostrovsky, Rafail and Skeith III, William E},
  booktitle={Advances in Cryptology-CRYPTO 2007},
  pages={50--67},
  year={2007},
  publisher={Springer}
}

